<record><leader>00000cas a22000007a 4500</leader><controlfield tag="001">12573198</controlfield><controlfield tag="008">850919c19759999iauwr ne      0    0eng d</controlfield><datafield ind1=" " ind2=" " tag="010"><subfield code="a">sn 85050895 </subfield></datafield><datafield ind1=" " ind2=" " tag="040"><subfield code="a">INP</subfield><subfield code="b">eng</subfield><subfield code="c">INP</subfield><subfield code="d">OCLCQ</subfield></datafield><datafield ind1=" " ind2=" " tag="042"><subfield code="a">msc</subfield></datafield><datafield ind1="0" ind2="0" tag="245"><subfield code="a">Diamond trail news.</subfield></datafield><datafield ind1=" " ind2=" " tag="260"><subfield code="a">Sully, Iowa :</subfield><subfield code="b">David B. Aust,</subfield><subfield code="c">1975-</subfield></datafield><datafield ind1=" " ind2=" " tag="300"><subfield code="a">v. :</subfield><subfield code="b">ill.</subfield></datafield><datafield ind1=" " ind2=" " tag="310"><subfield code="a">Weekly</subfield></datafield><datafield ind1="0" ind2=" " tag="362"><subfield code="a">Vol. 1, no. 1 (Aug. 6, 1975)-</subfield></datafield><datafield ind1=" " ind2=" " tag="500"><subfield code="a">Lynnville, Iowa, centennial commemorated in Aug. 6, 1975, issue.</subfield></datafield><datafield ind1=" " ind2=" " tag="500"><subfield code="a">Publishers: David B. Aust, Aug. 6, 1975-June 27, 1979; Wm. "Bill" Dieleman, July 4, 1979-</subfield></datafield><datafield ind1=" " ind2=" " tag="500"><subfield code="a">Editor: Margaret F. De Vries, Aug. 6-Oct. 8, 1975; Margaret F. (De Vries)--Vander Weerdt, Oct. 15, 1975-</subfield></datafield><datafield ind1=" " ind2=" " tag="752"><subfield code="a">United States</subfield><subfield code="b">Iowa</subfield><subfield code="c">Jasper</subfield><subfield code="d">Sully.</subfield></datafield><datafield ind1="1" ind2=" " tag="029"><subfield code="a">AU@</subfield><subfield code="b">000025789439</subfield></datafield></record>